------------- RAF ---------------

@INPROCEEDINGS{moderating, 
author={A. {Heimbürger} and V. {Isomöttönen}}, 
booktitle={2017 IEEE Frontiers in Education Conference (FIE)}, 
title={Moderating cultural effects in a higher e-education context? Supervisor's tone of voice in recorded audio feedback}, 
year={2017}, 
volume={}, 
number={}, 
pages={1-5}, 
keywords={computer aided instruction;cultural aspects;distance learning;further education;e-Education environments;distance learning;face-to-face interaction;recorded audio feedback;multicultural higher e-Education context;RAF potentially moderates cultural effects;moderating cultural effects;writing assignments;Cultural differences;Education;Electronic mail;Information technology;Standards;Global communication;Schedules;multi-cultural;cultural dimensions;recorded audio feedback (RAF);e-Education;culture-neutrality}, 
doi={10.1109/FIE.2017.8190646}, 
ISSN={}, 
month={Oct},}

@inproceedings{academics,
author = {Heimbürger, Anneli and Isomottonen, Ville and Nieminen, Paavo and Keto, Harri},
year = {2018},
month = {10},
pages = {1-5},
title = {How do Academics Experience Use of Recorded Audio Feedback in Higher Education? A Thematic Analysis},
doi = {10.1109/FIE.2018.8658635}
}

@article{using,
  title={Using Recorded Audio Feedback in Cross-Cultural e-Education Environments to Enhance Assessment Practices in a Higher Education},
  author={Heimb{\"u}rger, Anneli},
  journal={Advances in Applied Sociology},
  volume={8},
  year={2018},
  publisher={Scientific Research Publishing, Inc.}
}

@incollection{design,
  title={Design science research in information systems},
  author={Hevner, Alan and Chatterjee, Samir},
  booktitle={Design research in information systems},
  pages={9--22},
  year={2010},
  publisher={Springer}
}

@article{cavanaugh2014,
  title={Audio feedback versus written feedback: Instructors' and students' perspectives},
  author={Cavanaugh, Andrew J and Song, Liyan},
  journal={Journal of Online Learning and Teaching},
  volume={10},
  number={1},
  pages={122},
  year={2014},
  publisher={Multimedia Educational Resource for Learning and Online Teaching (MERLOT)}
}

@article{principles,
  title={Audio feedback design: principles and emerging practice},
  author={Middleton, Andrew and Nortcliffe, Anne},
  journal={International Journal of Continuing Engineering Education and Life-Long Learning},
  volume={20},
  number={2},
  pages={208--223},
  year={2010}
}

@article{engaging,
  title={Engaging students with audio feedback},
  author={Cann, Alan},
  journal={Bioscience Education},
  volume={22},
  number={1},
  pages={31--41},
  year={2014},
  publisher={Taylor \& Francis}
}

@article{cavanaugh2015,
  title={Audio and written comments in an online undergraduate composition class: Student and instructor approaches and preferences},
  author={Cavanaugh, Andrew and Song, Liyan},
  journal={American Journal of Distance Education},
  volume={29},
  number={4},
  pages={248--259},
  year={2015},
  publisher={Taylor \& Francis}
}

@article{listenOrToRead,
  title={“To listen or to read?” Audio or written assessment feedback for international students in the UK},
  author={Chew, Esyin},
  journal={On the Horizon},
  volume={22},
  number={2},
  pages={127--135},
  year={2014},
  publisher={Emerald Group Publishing Limited}
}

@article{evaluating,
  title={Evaluating written, audio and video feedback in higher education summative assessment tasks},
  author={McCarthy, Josh and others},
  journal={Issues in Educational Research},
  volume={25},
  number={2},
  pages={153},
  year={2015},
  publisher={Institutes for Educational Research in NSW, SA and WA}
}

@article{hearing,
  title={Hearing you loud and clear: student perspectives of audio feedback in higher education},
  author={Gould, Jill and Day, Pat},
  journal={Assessment \& Evaluation in Higher Education},
  volume={38},
  number={5},
  pages={554--566},
  year={2013},
  publisher={Routledge}
}

@article{lunt2010you,
  title={‘Are you listening please?’The advantages of electronic audio feedback compared to written feedback},
  author={Lunt, Tom and Curran, John},
  journal={Assessment \& evaluation in higher education},
  volume={35},
  number={7},
  pages={759--769},
  year={2010},
  publisher={Taylor \& Francis}
}

@article{distanceLearning,
  title={Using audio feedback with distance learning students to enhance their learning on a Postgraduate Certificate in Higher Education programme},
  author={Ryder, Agi and Davis, Carole},
  journal={Student Engagement in Higher Education Journal},
  volume={1},
  number={1},
  year={2016}
}

@article{framework,
  title={Developing a framework for effective audio feedback: a case study},
  author={Hennessy, Claire and Forrester, Gillian},
  journal={Assessment \& Evaluation in Higher Education},
  volume={39},
  number={7},
  pages={777--789},
  year={2014},
  publisher={Routledge}
}

@article{trimingham2009using,
  title={Using audio technology for student feedback},
  author={Trimingham, Rhoda and Simmons, Pete},
  journal={Global Engineering Alliance for Research and Education (GEARE)-A Comprehensive Study \& Intern Abroad Program for Engineering Students},
  pages={187--192},
  year={2009}
}

----------- TUTKIMUSMETODI --------------

----------- PALAUTE --------------

----------- KÄYTETTÄVYYS --------------

@book{stone2005,
  title={User interface design and evaluation},
  author={Stone, Debbie and Jarrett, Caroline and Woodroffe, Mark and Minocha, Shailey},
  year={2005},
  publisher={Elsevier}
}

@misc{intro-usability,
  title={Usability 101: Introduction to usability},
  author={Nielsen, Jakob},
  year={2003}
}

